@conference{einstein,
    author =       "Diego S. Ben√≠tez, Sebastian Toscano and Adrian Silva",
    title =        "On the Use of the Emotiv EPOC Neuroheadset as a Low Cost Alternative for EEG Signal Acquisition",
    publisher =     "Universidad San Francisco"
    year =         "1905",
    DOI =          "http://dx.doi.org/10.1002/andp.19053221004"
}
 
@book{latexcompanion,
    author    = "Michel Goossens and Frank Mittelbach and Alexander Samarin",
    title     = "The \LaTeX\ Companion",
    year      = "1993",
    publisher = "Addison-Wesley",
    address   = "Reading, Massachusetts"
}
